../epigenetics_and_chromatin/wanderer_paper.bib