@article{weinstein2013cancer,
  title={The cancer genome atlas pan-cancer analysis project},
  author={Weinstein, John N and Collisson, Eric A and Mills, Gordon B and Shaw, Kenna R Mills and Ozenberger, Brad A and Ellrott, Kyle and Shmulevich, Ilya and Sander, Chris and Stuart, Joshua M and Cancer Genome Atlas Research Network and others},
  journal={Nature Genetics},
  volume={45},
  number={10},
  pages={1113--1120},
  year={2013},
  publisher={Nature Publishing Group}
}

@article{wilks2014cancer,
  title={The Cancer Genomics Hub (CGHub): overcoming cancer through the power of torrential data},
  author={Wilks, Christopher and Cline, Melissa S and Weiler, Erich and Diehkans, Mark and Craft, Brian and Martin, Christy and Murphy, Daniel and Pierce, Howdy and Black, John and Nelson, Donavan and others},
  journal={Database},
  volume={2014},
  pages={bau093},
  year={2014},
  publisher={Oxford University Press}
}
