../biotechniques/wanderer_paper.bib