@article{weinstein2013cancer,
  title={The cancer genome atlas pan-cancer analysis project},
  author={Weinstein, John N and Collisson, Eric A and Mills, Gordon B and Shaw, Kenna R Mills and Ozenberger, Brad A and Ellrott, Kyle and Shmulevich, Ilya and Sander, Chris and Stuart, Joshua M and Cancer Genome Atlas Research Network and others},
  journal={Nature Genetics},
  volume={45},
  number={10},
  pages={1113--1120},
  year={2013},
  publisher={Nature Publishing Group}
}

@article{plass2013mutations,
  title={Mutations in regulators of the epigenome and their connections to global chromatin patterns in cancer},
  author={Plass, Christoph and Pfister, Stefan M and Lindroth, Anders M and Bogatyrova, Olga and Claus, Rainer and Lichter, Peter},
  journal={Nature Reviews Genetics},
  volume={14},
  number={11},
  pages={765--780},
  year={2013},
  publisher={Nature Publishing Group}
}

@article{kent2002human,
  title={The human genome browser at UCSC},
  author={Kent, W James and Sugnet, Charles W and Furey, Terrence S and Roskin, Krishna M and Pringle, Tom H and Zahler, Alan M and Haussler, David},
  journal={Genome research},
  volume={12},
  number={6},
  pages={996--1006},
  year={2002},
  publisher={Cold Spring Harbor Lab}
}

@article{baek2013ment,
  title={MENT: methylation and expression database of normal and tumor tissues},
  author={Baek, Su-Jin and Yang, Sungjin and Kang, Tae-Wook and Park, Seong-Min and Kim, Yong Sung and Kim, Seon-Young},
  journal={Gene},
  volume={518},
  number={1},
  pages={194--200},
  year={2013},
  publisher={Elsevier}
}



@article{schroeder2013visualizing,
  title={Visualizing multidimensional cancer genomics data},
  author={Schroeder, Michael P and Gonzalez-Perez, Abel and Lopez-Bigas, Nuria and others},
  journal={Genome Med},
  volume={5},
  number={9},
  pages={10--1186},
  year={2013}
}


@article{zhang2010cancer,
  title={The Cancer Genome Workbench: identifying and visualizing complex genetic alterations in tumors},
  author={Zhang, J and Finney, R and Edmonson, M and Schaefer, C and Rowe, W and Yan, C and Clifford, R and Greenblum, S and Wu, G and Zhang, H and others},
  journal={NCI Nature Pathway Interaction Database},
  volume={10},
  year={2010}
}


@article{gonzalez2013intogen,
  title={IntOGen-mutations identifies cancer drivers across tumor types},
  author={Gonzalez-Perez, Abel and Perez-Llamas, Christian and Deu-Pons, Jordi and Tamborero, David and Schroeder, Michael P and Jene-Sanz, Alba and Santos, Alberto and Lopez-Bigas, Nuria},
  journal={Nature methods},
  volume={10},
  number={11},
  pages={1081--1082},
  year={2013},
  publisher={Nature Publishing Group}
}



@article{cancer2012comprehensive,
  title={Comprehensive molecular characterization of human colon and rectal cancer},
  author={Cancer Genome Atlas Network and others},
  journal={Nature},
  volume={487},
  number={7407},
  pages={330--337},
  year={2012},
  publisher={Nature Publishing Group}
}

@article{sanborn2010ucsc,
  title={The UCSC cancer genomics browser: update 2011},
  author={Sanborn, J Zachary and Benz, Stephen C and Craft, Brian and Szeto, Christopher and Kober, Kord M and Meyer, Laurence and Vaske, Charles J and Goldman, Mary and Smith, Kayla E and Kuhn, Robert M and others},
  journal={Nucleic acids research},
  pages={gkq1113},
  year={2010},
  publisher={Oxford Univ Press}
}

@article{schroeder2013visualizing,
  title={Visualizing multidimensional cancer genomics data},
  author={Schroeder, Michael P and Gonzalez-Perez, Abel and Lopez-Bigas, Nuria and others},
  journal={Genome Med},
  volume={5},
  number={9},
  pages={10--1186},
  year={2013}
}


@article{wilks2014cancer,
  title={The Cancer Genomics Hub (CGHub): overcoming cancer through the power of torrential data},
  author={Wilks, Christopher and Cline, Melissa S and Weiler, Erich and Diehkans, Mark and Craft, Brian and Martin, Christy and Murphy, Daniel and Pierce, Howdy and Black, John and Nelson, Donavan and others},
  journal={Database},
  volume={2014},
  pages={bau093},
  year={2014},
  publisher={Oxford University Press}
}

@article{robbins2013self,
  title={A self-updating road map of The Cancer Genome Atlas},
  author={Robbins, David E and Gr{\"u}neberg, Alexander and Deus, Helena F and Tanik, Murat M and Almeida, Jonas S},
  journal={Bioinformatics},
  pages={btt141},
  year={2013},
  publisher={Oxford Univ Press}
}


@article{huang2014methhc,
  title={MethHC: a database of DNA methylation and gene expression in human cancer},
  author={Huang, Wei-Yun and Hsu, Sheng-Da and Huang, Hsi-Yuan and Sun, Yi-Ming and Chou, Chih-Hung and Weng, Shun-Long and Huang, Hsien-Da},
  journal={Nucleic acids research},
  pages={gku1151},
  year={2014},
  publisher={Oxford Univ Press}
}


@article{zhang2011international,
  title={International Cancer Genome Consortium Data Portal --a one-stop shop for cancer genomics data},
  author={Zhang, Junjun and Baran, Joachim and Cros, A and Guberman, Jonathan M and Haider, Syed and Hsu, Jack and Liang, Yong and Rivkin, Elena and Wang, Jianxin and Whitty, Brett and others},
  journal={Database},
  volume={2011},
  pages={bar026},
  year={2011},
  publisher={Oxford University Press}
}

@article{zhu2014tcga,
  title={TCGA-Assembler: open-source software for retrieving and processing TCGA data},
  author={Zhu, Yitan and Qiu, Peng and Ji, Yuan},
  journal={Nature methods},
  volume={11},
  number={6},
  pages={599--600},
  year={2014},
  publisher={Nature Publishing Group}
}

@article{gao2013integrative,
  title={Integrative analysis of complex cancer genomics and clinical profiles using the cBioPortal},
  author={Gao, Jianjiong and Aksoy, Bulent Arman and Dogrusoz, Ugur and Dresdner, Gideon and Gross, Benjamin and Sumer, S Onur and Sun, Yichao and Jacobsen, Anders and Sinha, Rileen and Larsson, Erik and others},
  journal={Science signaling},
  volume={6},
  number={269},
  pages={pl1},
  year={2013},
  publisher={AAAS}
}

@article{jones2002fundamental,
  title={The fundamental role of epigenetic events in cancer},
  author={Jones, Peter A and Baylin, Stephen B},
  journal={Nature Reviews Genetics},
  volume={3},
  number={6},
  pages={415--428},
  year={2002},
  publisher={Nature Publishing Group}
}
